@proceedings{icml16,
title = {ICML’16: Proceedings of the 33rd International Conference on International Conference on Machine Learning - Volume 48},
year = {2016},
publisher = {JMLR.org},
location = {New York, NY, USA}
}

@inproceedings{icml16:wang:edjm,
author = {Wang, Shengjie and Mohamed, Abdel-Rahman and Caruana, Rich and Bilmes, Jeff and Plilipose, Matthai and Richardson, Matthew and Geras, Krzysztof and Urban, Gregor and Aslan, Ozlem},
title = {Analysis of Deep Neural Networks with the Extended Data Jacobian Matrix},
year = {2016},
publisher = {JMLR.org},
booktitle = {Proceedings of the 33rd International Conference on International Conference on Machine Learning - Volume 48},
pages = {718–727},
crossref = {icml16},
numpages = {10},
location = {New York, NY, USA},
series = {ICML’16}
}
  
@inproceedings{erichson:csvd, author={N. B. {Erichson} and S. L. {Brunton} and J. N. {Kutz}}, booktitle={2017 IEEE International Conference on Computer Vision Workshops (ICCVW)}, title={Compressed Singular Value Decomposition for Image and Video Processing}, year={2017}, volume={}, number={}, pages={1880-1888},} 

@book{foucart:compressive,
    author = {Foucart, Simon and Rauhut, Holger},
    title = {A Mathematical Introduction to Compressive Sensing},
    Year = {2013},
    publisher = {Springer},
    isbn = {978-0-8176-4947-0}
}

@misc{nvidia:cusolver,
    author = {NVIDIA Corporation},
    title = {cuSOLVER CUDA Toolkit Documentation},
    howpublished = {\url{https://docs.nvidia.com/cuda/cusolver/}},
    note = {Last visited 2020-04-07.}
}

@misc{nvidia:cuda,
    author = {NVIDIA Corporation},
    title = {CUDA Toolkit Documentation},
    howpublished = {\url{https://docs.nvidia.com/cuda/}},
    note = {Last visited 2020-05-26.}
}

@misc{intel:mkl,
    author = {Intel Corporation},
    title = {Intel Math Kernel Library},
    howpublished = {\url{https://software.intel.com/content/www/us/en/develop/tools/math-kernel-library.html}},
    note = {Last visited 2020-05-26.}
}

@misc{pytorch:docs,
    author = {PyTorch},
    title = {PyTorch master Documentation},
    howpublished = {\url{https://pytorch.org/docs/stable/torch.html}},
    note = {Last visited 2020-04-07.}
}

@misc{tensorflow:about,
    author = {TensorFlow},
    title = {Why TensorFlow},
    howpublished = {\url{https://www.tensorflow.org/about}},
    note = {Last visited 2020-05-21.}
}

@book{erricos:handbook,
  title={Handbook of Parallel Computing and Statistics},
  author={Kontoghiorghes, E.J.},
  isbn={9781420028683},
  series={Statistics:  A Series of Textbooks and Monographs},
  year={2005},
  publisher={CRC Press}
}

@book{kutz:data,
  title={Data-driven Science and Engineering Machine Learning, Dynamical Systems and Control},
  author={Brunton, Steven and Kutz, Nathan},
  isbn={9781108422093},
  year={2019},
  publisher={Cambridge University Press}
}


@article{chen:mmv, author={J. {Chen} and X. {Huo}}, journal={IEEE Transactions on Signal Processing}, title={Theoretical Results on Sparse Representations of Multiple-Measurement Vectors}, year={2006}, volume={54}, number={12}, pages={4634-4643},} 

@article{tomov:magma,
    title     = {{Towards dense linear algebra for hybrid GPU accelerated manycore systems}},
    author    = {Stanimire Tomov and Jack Dongarra and Marc Baboulin},
    booktitle = {Parallel Matrix Algorithms and Applications},
    doi       = {10.1016/j.parco.2009.12.005},
    issn      = {0167-8191},
    journal   = {Parallel Computing},
    month     = jun,
    number    = {5-6},
    pages     = {232--240},
    posted-at = {2010-12-17 09:48:58},
    priority  = {2},
    volume    = {36},
    year      = {2010}
}

@misc{larsen:hpc,
    author = {Larsen, Torben, et. al},
    title = {Behavioural Simulation and Computing for Signal Processing Systems},
    note = {Unpublished book.
}

@misc{wisc:htcondor,
    author = {HTCondor team University of Wisconsin-Madison},
    title = {Computing with HTCondor™},
    howpublished = {\url{https://research.cs.wisc.edu/htcondor/}},
    note = {Last visited 2020-04-29.}
}

@misc{lecun:mnist,
  author = {LeCun, Yann and Cortes, Corinna},
  title = {THE MNIST DATABASE of handwritten digits},
  howpublished = {\url{http://yann.lecun.com/exdb/mnist/}},
  note = {Last visited 2020-05-29.}
}